@InProceedings{partionskewpavlo,
  title={Skew-aware automatic database partitioning in shared-nothing, parallel OLTP systems},
  author={Pavlo, Andrew and Curino, Carlo and Zdonik, Stanley},
  booktitle={Proceedings of the 2012 ACM SIGMOD International Conference on Management of Data},
  pages={61--72},
  year={2012}
}

@InProceedings{fbphotocaching,
  title={An analysis of Facebook photo caching},
  author={Huang, Qi and Birman, Ken and Van Renesse, Robbert and Lloyd, Wyatt and Kumar, Sanjeev and Li, Harry C},
  booktitle={Proceedings of the Twenty-Fourth ACM Symposium on Operating Systems Principles},
  pages={167--181},
  year={2013}
}

@InProceedings{fblinchpin,
  title={Challenges to adopting stronger consistency at scale},
  author={Ajoux, Phillipe and Bronson, Nathan and Kumar, Sanjeev and Lloyd, Wyatt and Veeraraghavan, Kaushik},
  booktitle={15th Workshop on Hot Topics in Operating Systems (HotOS $\{$XV$\}$)},
  year={2015}
}

@inproceedings{cicada,
  title={Cicada: Dependably fast multi-core in-memory transactions},
  author={Lim, Hyeontaek and Kaminsky, Michael and Andersen, David G},
  booktitle={Proceedings of the 2017 ACM International Conference on Management of Data},
  pages={21--35},
  year={2017}
}

@article{mocc,
  title={Mostly-optimistic concurrency control for highly contended dynamic workloads on a thousand cores},
  author={Wang, Tianzheng and Kimura, Hideaki},
  journal={Proceedings of the VLDB Endowment},
  volume={10},
  number={2},
  pages={49--60},
  year={2016},
  publisher={VLDB Endowment}
}

@article{tapir,
  title={Building consistent transactions with inconsistent replication},
  author={Zhang, Irene and Sharma, Naveen Kr and Szekeres, Adriana and Krishnamurthy, Arvind and Ports, Dan RK},
  journal={ACM Transactions on Computer Systems (TOCS)},
  volume={35},
  number={4},
  pages={1--37},
  year={2018},
  publisher={ACM New York, NY, USA}
}

@article{dynamo,
  title={Dynamo: amazon's highly available key-value store},
  author={DeCandia, Giuseppe and Hastorun, Deniz and Jampani, Madan and Kakulapati, Gunavardhan and Lakshman, Avinash and Pilchin, Alex and Sivasubramanian, Swaminathan and Vosshall, Peter and Vogels, Werner},
  journal={ACM SIGOPS operating systems review},
  volume={41},
  number={6},
  pages={205--220},
  year={2007},
  publisher={ACM New York, NY, USA}
}

@article{spanner,
  title={Spanner: Googleâ€™s globally distributed database},
  author={Corbett, James C and Dean, Jeffrey and Epstein, Michael and Fikes, Andrew and Frost, Christopher and Furman, Jeffrey John and Ghemawat, Sanjay and Gubarev, Andrey and Heiser, Christopher and Hochschild, Peter and others},
  journal={ACM Transactions on Computer Systems (TOCS)},
  volume={31},
  number={3},
  pages={1--22},
  year={2013},
  publisher={ACM New York, NY, USA}
}

@inproceedings{calvin,
  title={Calvin: fast distributed transactions for partitioned database systems},
  author={Thomson, Alexander and Diamond, Thaddeus and Weng, Shu-Chun and Ren, Kun and Shao, Philip and Abadi, Daniel J},
  booktitle={Proceedings of the 2012 ACM SIGMOD International Conference on Management of Data},
  pages={1--12},
  year={2012}
}

@misc{cockroachdb,
    author={Cockroach Labs},
    title={Cockroach{DB}},
    note={\url{https://github.com/cockroachdb/cockroach}},
    year={2020}
}

@inproceedings{ermia,
  title={Ermia: Fast memory-optimized database system for heterogeneous workloads},
  author={Kim, Kangnyeon and Wang, Tianzheng and Johnson, Ryan and Pandis, Ippokratis},
  booktitle={Proceedings of the 2016 International Conference on Management of Data},
  pages={1675--1687},
  year={2016}
}

@article{slog,
  title={SLOG: serializable, low-latency, geo-replicated transactions},
  author={Ren, Kun and Li, Dennis and Abadi, Daniel J},
  journal={Proceedings of the VLDB Endowment},
  volume={12},
  number={11},
  pages={1747--1761},
  year={2019},
  publisher={VLDB Endowment}
}

@inproceedings{silo,
  title={Speedy transactions in multicore in-memory databases},
  author={Tu, Stephen and Zheng, Wenting and Kohler, Eddie and Liskov, Barbara and Madden, Samuel},
  booktitle={Proceedings of the Twenty-Fourth ACM Symposium on Operating Systems Principles},
  pages={18--32},
  year={2013}
}

@Book{arpachiDusseau18:osbook,
  author =       {Arpaci-Dusseau, Remzi H. and Arpaci-Dusseau Andrea C.},
  title =        {Operating Systems: Three Easy Pieces},
  publisher =    {Arpaci-Dusseau Books, LLC},
  year =         2015,
  edition =      {1.00},
  note =         {\url{http://pages.cs.wisc.edu/~remzi/OSTEP/}}
}

@inproceedings{rococo,
  title={Extracting more concurrency from distributed transactions},
  author={Mu, Shuai and Cui, Yang and Zhang, Yang and Lloyd, Wyatt and Li, Jinyang},
  booktitle={11th $\{$USENIX$\}$ Symposium on Operating Systems Design and Implementation ($\{$OSDI$\}$ 14)},
  pages={479--494},
  year={2014}
}

@InProceedings{waldspurger02,
  author =       {Waldspurger, Carl A.},
  title =        {Memory resource management in {VMware ESX} server},
  booktitle =    {USENIX Symposium on Operating System Design and
                  Implementation (OSDI)},
  year =         2002,
  pages =        {181--194},
  note =         {\url{https://www.usenix.org/legacy/event/osdi02/tech/waldspurger/waldspurger.pdf}}
  }